@article{Antonio2019AnCancellations,
    title = {{An Automated Machine Learning Based Decision Support System to Predict Hotel Booking Cancellations}},
    year = {2019},
    journal = {Data Science Journal},
    author = {Antonio, Nuno and de Almeida, Ana and Nunes, Luis},
    number = {1},
    month = {7},
    volume = {18},
    publisher = {Ubiquity Press},
    url = {http://datascience.codata.org/articles/10.5334/dsj-2019-032/},
    doi = {10.5334/dsj-2019-032},
    issn = {1683-1470},
    keywords = {A/B testing, Data science, Decision support systems, Machine learning, Predictive analytics, Revenue management}
}

@article{Chiang2007AnResearch,
    title = {{An overview of research on revenue management: current issues and future research}},
    year = {2007},
    journal = {International Journal of Revenue Management},
    author = {Chiang, Wen Chyuan and Chen, Jason C.H. and Xu, Xiaojing},
    number = {1},
    pages = {97--128},
    volume = {1},
    doi = {10.1504/IJRM.2007.011196},
    issn = {17418186},
    keywords = {revenue management, yield management}
}

@article{Antonio2019BigBehavior,
    title = {{Big Data in Hotel Revenue Management: Exploring Cancellation Drivers to Gain Insights Into Booking Cancellation Behavior}},
    year = {2019},
    journal = {Cornell Hospitality Quarterly},
    author = {Antonio, Nuno and de Almeida, Ana and Nunes, Luis},
    number = {4},
    month = {11},
    pages = {298--319},
    volume = {60},
    publisher = {SAGE Publications Inc.},
    url = {http://journals.sagepub.com/doi/10.1177/1938965519851466},
    doi = {10.1177/1938965519851466},
    issn = {1938-9655},
    keywords = {big data, forecasting, machine learning, prediction, revenue management}
}

@techreport{WirthCRISP-DM:Mining,
    title = {{CRISP-DM: Towards a Standard Process Model for Data Mining}},
    author = {Wirth, RÃ¼diger and Hipp, Jochen}
}

@techreport{Jain2006IntellectualPerspective,
    title = {{Intellectual Property Management System: An Organizational Perspective}},
    year = {2006},
    booktitle = {Journal of Intellectual Property Rights},
    author = {Jain, Karuna and Sharma, Vandana and Mehta, Shailesh J},
    pages = {330--333},
    volume = {11},
    keywords = {Intellectual property management, competitive advantage, intellectual property strategy, organizational capabilities}
}

@article{Demirkan2013LeveragingCloud,
    title = {{Leveraging the capabilities of service-oriented decision support systems: Putting analytics and big data in cloud}},
    year = {2013},
    journal = {Decision Support Systems},
    author = {Demirkan, Haluk and Delen, Dursun},
    number = {1},
    month = {4},
    pages = {412--421},
    volume = {55},
    doi = {10.1016/j.dss.2012.05.048},
    issn = {01679236},
    keywords = {Analytics-as-a-service, Big data, Cloud computing, Data-as-a-service, Information-as-a-service, Service orientation, Service science}
}

@article{Antonio2017PredictingRevenue,
    title = {{Predicting hotel booking cancellations to decrease uncertainty and increase revenue}},
    year = {2017},
    journal = {Tourism {\&} Management Studies},
    author = {Antonio, Nuno and Almeida, Ana de and Nunes, Luis},
    number = {2},
    month = {4},
    pages = {25--39},
    volume = {13},
    publisher = {School of Management, Hospitality and Tourism, University of the Algarve},
    doi = {10.18089/tms.2017.13203},
    issn = {21828458}
}

@inproceedings{Andriawan2020PredictionCRISP-DM,
    title = {{Prediction of Hotel Booking Cancellation using CRISP-DM}},
    year = {2020},
    booktitle = {ICICoS 2020 - Proceeding: 4th International Conference on Informatics and Computational Sciences},
    author = {Andriawan, Zharfan Akbar and Purnama, Satriawan Rasyid and Darmawan, Adam Sukma and {Ricko} and Wibowo, Adi and Sugiharto, Aris and Wijayanto, Feri},
    month = {11},
    publisher = {Institute of Electrical and Electronics Engineers Inc.},
    isbn = {9781728195261},
    doi = {10.1109/ICICoS51170.2020.9299011},
    keywords = {CRISP-DM, Hotel Booking Cancellation, Hotel Booking System, Machine Learning}
}